@article{Anderson1962,
    author = {Anderson, P.W.},
    title = {Theory of Flux Creep in Hard Superconductors},
    journal = {Physical Review Letters},
    volume = {9},
    number = {7},
    pages = {309--311},
    year = {1962},
    doi = {10.1103/PhysRevLett.9.309}
}

@article{Bulaevskii2022,
    author = {Bulaevskii, L.N. and Clem, J.R.},
    title = {Vortex Dynamics in Rotating Superconducting Rings},
    journal = {Physical Review B},
    volume = {105},
    number = {14},
    pages = {144509},
    year = {2022},
    doi = {10.1103/PhysRevB.105.144509}
}

@book{Kittel2005,
    author = {Kittel, Charles},
    title = {Introduction to Solid State Physics},
    edition = {8th},
    publisher = {Wiley},
    year = {2005}
}

@incollection{Maki1969,
    author = {Maki, K.},
    title = {Gapless Superconductivity},
    booktitle = {Superconductivity},
    volume = {2},
    editor = {Parks, R.D.},
    pages = {1035--1105},
    publisher = {Dekker},
    year = {1969}
}

@article{Tajmar2007,
    author = {Tajmar, M. and de Matos, C.J.},
    title = {Induction of the London Moment in Rotating Superconductors},
    journal = {Physica C: Superconductivity},
    volume = {458},
    number = {1-2},
    pages = {32--36},
    year = {2007},
    doi = {10.1016/j.physc.2007.03.002}
}

@book{Tinkham2004,
    author = {Tinkham, Michael},
    title = {Introduction to Superconductivity},
    edition = {2nd},
    publisher = {Dover Publications},
    year = {2004}
}
